@book{concrete-maths,
  added-at = {2008-04-23T10:18:06.000+0200},
  address = {Reading},
  author = {Graham, Ronald L. and Knuth, Donald E. and Patashnik, Oren},
  biburl = {https://www.bibsonomy.org/bibtex/2ccef670ef39186763ecd379d2cca1e0a/jaeschke},
  interhash = {a1450d7bb87f0107150d43a314a88326},
  intrahash = {ccef670ef39186763ecd379d2cca1e0a},
  keywords = {computer knuth latex math science},
  publisher = {Addison-Wesley},
  timestamp = {2014-07-28T15:57:31.000+0200},
  title = {Concrete Mathematics: A Foundation for Computer Science},
  year = {1989}
},

@book{intro-to-prob,
  title={Introduction to Probability},
  author={Bertsekas, D.P. and Tsitsiklis, J.N.},
  isbn={9781886529403},
  lccn={2002092167},
  series={Athena Scientific books},
  url={https://books.google.co.in/books?id=bcHaAAAAMAAJ},
  year={2002},
  publisher={Athena Scientific}
}
